<record><leader>00000cas a22000007a 4500</leader><controlfield tag="001">9583927</controlfield><controlfield tag="008">830607d18461848maudn ne      0    0eng d</controlfield><controlfield tag="009">3768</controlfield><datafield ind1=" " ind2=" " tag="010"><subfield code="a">sn 83020820 </subfield></datafield><datafield ind1=" " ind2=" " tag="040"><subfield code="a">NPX</subfield><subfield code="b">eng</subfield><subfield code="c">NPX</subfield><subfield code="d">MGN</subfield></datafield><datafield ind1=" " ind2=" " tag="042"><subfield code="a">msc</subfield></datafield><datafield ind1=" " ind2=" " tag="043"><subfield code="a">n-us-ma</subfield></datafield><datafield ind1="0" ind2=" " tag="130"><subfield code="a">Springfield daily gazette (Springfield, Mass.)</subfield></datafield><datafield ind1="0" ind2="0" tag="245"><subfield code="a">Springfield daily gazette.</subfield></datafield><datafield ind1=" " ind2=" " tag="260"><subfield code="a">Springfield, Mass. :</subfield><subfield code="b">Wm. Stowe and H.S. Taylor,</subfield></datafield><datafield ind1=" " ind2=" " tag="300"><subfield code="a">v. ;</subfield><subfield code="c">51 cm.</subfield></datafield><datafield ind1=" " ind2=" " tag="310"><subfield code="a">Daily (except Sun.)</subfield></datafield><datafield ind1="0" ind2=" " tag="362"><subfield code="a">Vol. 1, no. 1 (Apr. 1, 1846)-v. 3, no. 696 (June 30, 1848).</subfield></datafield><datafield ind1=" " ind2=" " tag="500"><subfield code="a">Editor: William Stowe.</subfield></datafield><datafield ind1=" " ind2=" " tag="580"><subfield code="a">Weekly ed.: Springfield gazette (Springfield, Mass.), 1846-1848.</subfield></datafield><datafield ind1=" " ind2=" " tag="752"><subfield code="a">United States</subfield><subfield code="b">Massachusetts</subfield><subfield code="c">Hampden</subfield><subfield code="d">Springfield.</subfield></datafield><datafield ind1="1" ind2=" " tag="775"><subfield code="t">Springfield gazette (Springfield, Mass.)</subfield><subfield code="w">(DLC)sn 83020819</subfield></datafield><datafield ind1="0" ind2="4" tag="785"><subfield code="t">Daily Republican (Springfield, Mass)</subfield><subfield code="w">(DLC)sn 83020852</subfield></datafield><datafield ind1=" " ind2=" " tag="936"><subfield code="a">1847 Mar. 12</subfield></datafield></record>